<collection xmlns="http://www.loc.gov/MARC21/slim">
   <record>
      <leader>04462cam a2200433 i 4500</leader>
      <controlfield tag="001">6742696</controlfield>
      <controlfield tag="003">OCoLC</controlfield>
      <controlfield tag="005">20141117155711.0</controlfield>
      <controlfield tag="008">131209t20152015caua     b    001 0 eng  </controlfield>
      <datafield ind1=" " ind2=" " tag="010">
         <subfield code="a">  2013046876</subfield>
      </datafield>
      <datafield ind1=" " ind2=" " tag="015">
         <subfield code="a">GBB441608</subfield>
         <subfield code="2">bnb</subfield>
      </datafield>
      <datafield ind1="7" ind2=" " tag="016">
         <subfield code="a">016688978</subfield>
         <subfield code="2">Uk</subfield>
      </datafield>
      <datafield ind1=" " ind2=" " tag="020">
         <subfield code="a">9781452276885 (pbk.)</subfield>
      </datafield>
      <datafield ind1=" " ind2=" " tag="020">
         <subfield code="a">1452276889 (pbk.)</subfield>
      </datafield>
      <datafield ind1=" " ind2=" " tag="035">
         <subfield code="a">ocn861677923</subfield>
      </datafield>
      <datafield ind1=" " ind2=" " tag="040">
         <subfield code="a">DLC</subfield>
         <subfield code="b">eng</subfield>
         <subfield code="e">rda</subfield>
         <subfield code="c">DLC</subfield>
         <subfield code="d">YDX</subfield>
         <subfield code="d">BTCTA</subfield>
         <subfield code="d">YDXCP</subfield>
         <subfield code="d">ISU</subfield>
         <subfield code="d">UKMGB</subfield>
         <subfield code="d">OCLCF</subfield>
         <subfield code="d">AEU</subfield>
      </datafield>
      <datafield ind1=" " ind2=" " tag="042">
         <subfield code="a">pcc</subfield>
      </datafield>
      <datafield ind1="0" ind2="0" tag="050">
         <subfield code="a">HV8073</subfield>
         <subfield code="b">.F5967 2015</subfield>
      </datafield>
      <datafield ind1="0" ind2="0" tag="082">
         <subfield code="a">363.25</subfield>
         <subfield code="2">23</subfield>
      </datafield>
      <datafield ind1=" " ind2=" " tag="090">
         <subfield code="a">HV8073 .F5967 2015</subfield>
         <subfield code="b">AEGMCT</subfield>
      </datafield>
      <datafield ind1="0" ind2="0" tag="245">
         <subfield code="a">Forensic science and the administration of justice :</subfield>
         <subfield code="b">critical issues and directions /</subfield>
         <subfield code="c">Kevin J. Strom, RTI International, Matthew J. Hickman, Seattle University.</subfield>
      </datafield>
      <datafield ind1=" " ind2="1" tag="264">
         <subfield code="a">Los Angeles :</subfield>
         <subfield code="b">Sage,</subfield>
         <subfield code="c">[2015]</subfield>
      </datafield>
      <datafield ind1=" " ind2="4" tag="264">
         <subfield code="c">©2015</subfield>
      </datafield>
      <datafield ind1=" " ind2=" " tag="300">
         <subfield code="a">xv, 293 pages :</subfield>
         <subfield code="b">illustrations ;</subfield>
         <subfield code="c">26 cm</subfield>
      </datafield>
      <datafield ind1=" " ind2=" " tag="336">
         <subfield code="a">text</subfield>
         <subfield code="b">txt</subfield>
         <subfield code="2">rdacontent</subfield>
         <subfield code="0">http://id.loc.gov/vocabulary/contentTypes/txt</subfield>
      </datafield>
      <datafield ind1=" " ind2=" " tag="337">
         <subfield code="a">unmediated</subfield>
         <subfield code="b">n</subfield>
         <subfield code="2">rdamedia</subfield>
         <subfield code="0">http://id.loc.gov/vocabulary/mediaTypes/n</subfield>
      </datafield>
      <datafield ind1=" " ind2=" " tag="338">
         <subfield code="a">volume</subfield>
         <subfield code="b">nc</subfield>
         <subfield code="2">rdacarrier</subfield>
         <subfield code="0">http://id.loc.gov/vocabulary/carriers/nc</subfield>
      </datafield>
      <datafield ind1=" " ind2=" " tag="504">
         <subfield code="a">Includes bibliographical references and index.</subfield>
      </datafield>
      <datafield ind1="0" ind2=" " tag="505">
         <subfield code="a">Preface -- Acknowledgments -- The demand for forensic services -- A historical review of the demand for forensic evidence / Joseph L. Peterson -- Is there evidence of a "csi effect"? / Rachel Dioso-Villa -- What we know (and don't know) about evidence backlogs / Matthew J. Hickman and Kevin J. Strom -- The quality of forensic services -- Adopting a research culture in the forensic sciences / Barry A. J. Fisher -- Minimizing contextual bias in forensic casework / Reinoud D. Stoel, Charles E. H. Berger, Wim Kerkhoff, Erwin J. A. T. Mattijssen, and Itiel E. Dror -- A survey of ethical issues in the forensic sciences / Jay Siegel -- The utility of forensic services -- The impact of forensic evidence on criminal justice : evidence from case processing studies / Sally Kelty, Roberta Julian, and Robert Hayes -- Assessing the utility of DNA evidence in criminal investigations / Michael D. White, Andrea R. Borrego, and David A. Schroeder -- Forensic science : the prosecutor's role / Nina W. Chernoff -- Post-conviction issues -- The problems and challenges of evidence retention / John M. Collins, Jr -- Innovation, success, error, and confidence in forensic DNA testing / Kristen Skogerboe -- The future role of forensic science in the administration of justice -- Developing new business models for forensic laboratories / Max M. Houck and Paul J. Speaker -- Rethinking the role of the crime laboratory in criminal justice decision making / Kevin J. Strom and Matthew J. Hickman -- The future of forensic science / Walter F. Rowe -- Index -- About the editors -- About the contributors.</subfield>
      </datafield>
      <datafield ind1=" " ind2=" " tag="520">
         <subfield code="a">Uniting forensics, law, and social science in meaningful and relevant ways, Forensic Science and the Administration of Justice is structured around current research on how forensic evidence is being used and how it is impacting the justice system. This unique book - written by nationally known scholars in the field - includes five sections that explore the demand for forensic services, the quality of forensic services, the utility of forensic services, post-conviction forensic issues, and the future role of forensic science in the administration of justice. The authors offer policy-relevant directions for both the criminal justice and forensic fields and demonstrate how the role of the crime laboratory in the American justice system is evolving in concert with technological advances as well as changing demands and competing pressures for laboratory resources. -- taken from the back cover.</subfield>
      </datafield>
      <datafield ind1=" " ind2=" " tag="596">
         <subfield code="a">29</subfield>
      </datafield>
      <datafield ind1=" " ind2="0" tag="650">
         <subfield code="a">Forensic sciences.</subfield>
         <subfield code="0">http://id.loc.gov/authorities/subjects/sh90001487</subfield>
      </datafield>
      <datafield ind1=" " ind2="0" tag="650">
         <subfield code="a">Justice, Administration of.</subfield>
         <subfield code="0">http://id.loc.gov/authorities/subjects/sh85071120</subfield>
      </datafield>
      <datafield ind1="1" ind2=" " tag="700">
         <subfield code="a">Strom, Kevin,</subfield>
         <subfield code="e">editor.</subfield>
         <subfield code="0">http://id.loc.gov/authorities/names/nr98011530</subfield>
         <subfield code="0">http://viaf.org/viaf/31908383</subfield>
      </datafield>
      <datafield ind1="1" ind2=" " tag="700">
         <subfield code="a">Hickman, Matthew J.,</subfield>
         <subfield code="e">editor.</subfield>
         <subfield code="0">http://id.loc.gov/authorities/names/no2001059002</subfield>
         <subfield code="0">http://viaf.org/viaf/41493484</subfield>
      </datafield>
      <datafield ind1=" " ind2=" " tag="758">
         <subfield code="0">http://worldcat.org/entity/work/id/24414675</subfield>
      </datafield>
      <datafield ind1="0" ind2=" " tag="787">
         <subfield code="n">OCLC Work Id</subfield>
         <subfield code="o">http://worldcat.org/entity/work/id/24414675</subfield>
      </datafield>
      <datafield ind1=" " ind2=" " tag="949">
         <subfield code="a">HV8073 .F5967 2015</subfield>
         <subfield code="h">GMCT-OS-B</subfield>
         <subfield code="i">1007428954</subfield>
         <subfield code="p">54.97</subfield>
         <subfield code="k">AVAIL_SOON</subfield>
      </datafield>
      <datafield ind1=" " ind2=" " tag="926">
         <subfield code="a">HV8073 .F5967 2015</subfield>
         <subfield code="w">LC</subfield>
         <subfield code="c">1</subfield>
         <subfield code="i">1007428954</subfield>
         <subfield code="d">1/23/2015</subfield>
         <subfield code="l">ON_SHELF</subfield>
         <subfield code="m">GR_MACEWAN</subfield>
         <subfield code="p">$52.35</subfield>
         <subfield code="q">1</subfield>
         <subfield code="r">Y</subfield>
         <subfield code="s">Y</subfield>
         <subfield code="t">BOOK</subfield>
         <subfield code="u">11/26/2014</subfield>
      </datafield>
   </record>
</collection>
